@ARTICLE{Amit,
   AUTHOR  = {Amit Chakrabarti},
   TITLE   = {CS85: Data Stream Algorithms},  
   YEAR    = {2009}
}

@ARTICLE{mcgregor,
   AUTHOR  = {Andrew Mc-Gregor and S. Muthukrishnan},
   TITLE   = {Data Stream Algorithms for Vectors: Draft Chapter},  
   YEAR    = {2012}
}

@ARTICLE{Cnet1,
   AUTHOR  = {Daniel Terdiman},
   TITLE   = {Report: Twitter hits half a billion tweets a day},
   YEAR    = {2012},
   URL     = {http://news.cnet.com/8301-1023_3-57541566-93/report-twitter-hits-half-a-billion-tweets-a-day/}
}

@ARTICLE{KMV1,
   TITLE   = {K-Minimum Values: Sketching Error, Hash Functions, and You},
   AUTHOR  = {CPESYNA},
   YEAR    = {2012},
   URL     = {http://blog.aggregateknowledge.com/2012/08/20/k-minimum-values-sketching-error-hash-functions-and-you/}
}

@ARTICLE{Bar-Yossef,
   AUTHOR  = {Ziv Bar-Yossef, T. S. Jayram, Ravi Kumar, D. Sivakumar, and Luca Trevisan},
   TITLE   = {Counting distinct elements in a data stream},  
   YEAR    = {2002}
}

@ARTICLE{approxfreq,
   AUTHOR  = {Gurmeet Singh Manku and Rajeev Motwani},
   TITLE   = {Approximate Frequency Counts over Data Streams}  
}

@ARTICLE{genderprediction,
   AUTHOR  = {Zachary Miller, Brian Dickinson and Wei Hu},
   TITLE   = {Gender Prediction on Twitter Using Stream Algorithms with N-Gram Character Features},  
   YEAR    = {2012},
   JOURNAL = International Journal of Intelligence Science,
   VOLUME  = {2},
   PAGES   = {143--148}  
}

@ARTICLE{sentimentknowledge,
   AUTHOR  = {Albert Bifet and Eibe Frank},
   TITLE   = {Sentiment Knowledge Discovery in Twitter Streaming Data}
}

@ARTICLE{twitterdev,
   TITLE   = {https://dev.twitter.com/docs/platform-objects/tweets}  
}

@ARTICLE{twitterabout,
   TITLE   = {http://twitter.com/about}  
}

@ARTICLE{kmv,
   TITLE   = {Sketch of the Day: K-Minimum Values}
   AUTHOR = {MATT CURCIO}
   URL = {http://blog.aggregateknowledge.com/2012/07/09/sketch-of-the-day-k-minimum-values/}  
}

